@PREAMBLE{
 "\providecommand{\noopsort}[1]{}" 
 # "\providecommand{\singleletter}[1]{#1}%" 
}
@Article{ALLISON2016186,
  author   = {J. Allison and others},
  title    = {Recent developments in Geant4},
  journal  = {Nuclear Instruments and Methods in Physics Research Section A: Accelerators, Spectrometers, Detectors and Associated Equipment},
  year     = {2016},
  volume   = {835},
  pages    = {186 - 225},
  issn     = {0168-9002},
  doi      = {https://doi.org/10.1016/j.nima.2016.06.125},
  groups   = {GEANT4},
  keywords = {High energy physics, Nuclear physics, Radiation, Simulation, Computing},
  url      = {http://www.sciencedirect.com/science/article/pii/S0168900216306957},
}

@article{dwyer2003fundamental,
  title={A fundamental limit on electric fields in air},
  author={Dwyer, JR},
  journal={Geophysical Research Letters},
  volume={30},
  number={20},
  year={2003},
  publisher={Wiley Online Library}
}

@article{dwyer2013properties,
  title={Properties of the thundercloud discharges responsible for terrestrial gamma-ray flashes},
  author={Dwyer, Joseph R and Liu, Ningyu and Rassoul, Hamid K},
  journal={Geophysical Research Letters},
  volume={40},
  number={15},
  pages={4067--4073},
  year={2013},
  publisher={Wiley Online Library}
}

@article{dwyer2011low,
  title={Low-energy electron production by relativistic runaway electron avalanches in air},
  author={Dwyer, Joseph R and Babich, Leonid P},
  journal={Journal of Geophysical Research: Space Physics},
  volume={116},
  number={A9},
  year={2011},
  publisher={Wiley Online Library}
}

@article{gurevich1992runaway,
  title={Runaway electron mechanism of air breakdown and preconditioning during a thunderstorm},
  author={Gurevich, AV and Milikh, GM and Roussel-Dupre, R},
  journal={Physics Letters A},
  volume={165},
  number={5-6},
  pages={463--468},
  year={1992},
  publisher={Elsevier}
}

@article{gurevich2001kinetic,
  title={Kinetic theory of runaway breakdown in inhomogeneous thundercloud electric field},
  author={Gurevich, AV and Carlson, HC and Medvedev, Yu V and Zybin, KP},
  journal={Physics Letters A},
  volume={282},
  number={3},
  pages={180--185},
  year={2001},
  publisher={Elsevier}
}
@article{gurevich1999lightning,
  title={Lightning initiation by simultaneous effect of runaway breakdown and cosmic ray showers},
  author={Gurevich, AV and Zybin, KP and Roussel-Dupre, RA},
  journal={Physics Letters A},
  volume={254},
  number={1-2},
  pages={79--87},
  year={1999},
  publisher={Elsevier}
}



@article{Iudin:2018,
    author = {D. I. Iudin and S. S. Davydenko and V. M. Gotlib and M. S. Dolgonosov and L. M. Zelenyi},
    title = {Physics of lightning: new model approaches and prospects of the satellite observations},
    publisher = {Uspekhi Fizicheskikh Nauk},
    year = {2018},
    journal = {Usp. Fiz. Nauk},
    volume = {188},
    number = {8},
    pages = {850-864},
    url = {https://ufn.ru/ru/articles/2018/8/e/},
    doi = {10.3367/UFNr.2017.04.038221}
}


@article{dwyer2015positron,
    title={Positron clouds within thunderstorms},
    author={Dwyer, Joseph R and Smith, David M and Hazelton, Bryna J and Grefenstette, Brian W and Kelley, Nicole A and Lowell, Alexander W and Schaal, Meagan M and Rassoul, Hamid K},
    journal={Journal of Plasma Physics},
    volume={81},
    number={4},
    year={2015},
    publisher={Cambridge University Press}
}


@article{npm_dwyer,
    author = {{Zelenyi, Mikhail} and {Stadnichuk, Egor} and {Nozik, Alexander}},
    title = {Calculation of gain coefficient in Dwyer relativistic discharge feedback model of thunderstorm runway breakdown},
    DOI= "10.1051/epjconf/201920107003",
    url= "https://doi.org/10.1051/epjconf/201920107003",
    journal = {EPJ Web Conf.},
    year = 2019,
    volume = 201,
    pages = "07003",
}

@article{Stadnichuk,
    author = {E. Stadnichuk, M. Zelenyy, M. Dolgonosov and A. Nozik},
	title = {Monte Carlo Simulation of the Reativistic Feedback Discharge Model (RFDM)},
	publisher = {Proceedings of International Symposium},
	year = {2019},
	journal = {Thunderstorms & Elementary Particle Acceleration},
	volume = {},
	number = {},
	pages = {104-107},
	url = {},
	doi = {}
}
