@Article{ALLISON2016186,
    author   = {J. Allison and others},
    title    = {Recent developments in Geant4},
    journal  = {Nuclear Instruments and Methods in Physics Research Section A: Accelerators, Spectrometers, Detectors and Associated Equipment},
    year     = {2016},
    volume   = {835},
    pages    = {186 - 225},
    issn     = {0168-9002},
    doi      = {https://doi.org/10.1016/j.nima.2016.06.125},
    groups   = {GEANT4},
    keywords = {High energy physics, Nuclear physics, Radiation, Simulation, Computing},
    url      = {http://www.sciencedirect.com/science/article/pii/S0168900216306957},
}

@Article{spirin,
    title={Principles of large cargo introscopy},
    author={D. Spirin and Y. Berdnikov and Y. Gavrish},
    journal={Scientific and technical statements of the St. Petersburg State Polytechnic University. Physics and Mathematics},
    number={2 (98)},
    year={2010},
    publisher={\guillemotleft}Peter the Great St.Petersburg Polytechnic University {\guillemotright}}
}

@book{heitler1984quantum,
    title={The quantum theory of radiation},
    author={Heitler, Walter},
    year={1984},
    publisher={Courier Corporation}
}

