%GEANT4
@Article{Geant2006,
  author   = {J. Allison and others},
  title    = {Geant4 developments and applications},
  journal  = {IEEE Transactions on Nuclear Science},
  year     = {2006},
  volume   = {53},
  number   = {1},
  pages    = {270-278},
  month    = {Feb},
  issn     = {0018-9499},
  doi      = {10.1109/TNS.2006.869826},
  keywords = {physics computing;Geant4;astrophysics;high energy physics;performance optimization;space science;Application software;Astrophysics;Kernel;Large Hadron Collider;Medical simulation;Object oriented modeling;Physics;Production;Protection;Software tools;Electromagnetic interactions;hadronic interactions;object-oriented technology;particle interactions;physics validation;simulation},
}

@Article{Geant2016,
  author   = {J. Allison and others},
  title    = {Recent developments in Geant4},
  journal  = {Nuclear Instruments and Methods in Physics Research Section A: Accelerators, Spectrometers, Detectors and Associated Equipment},
  year     = {2016},
  volume   = {835},
  pages    = {186 - 225},
  issn     = {0168-9002},
  doi      = {https://doi.org/10.1016/j.nima.2016.06.125},
  groups   = {GEANT4},
  keywords = {High energy physics, Nuclear physics, Radiation, Simulation, Computing},
  url      = {http://www.sciencedirect.com/science/article/pii/S0168900216306957},
}

@Article{Geant2003,
  author   = {S. Agostinelli and others},
  title    = {Geant4—a simulation toolkit},
  journal  = {Nuclear Instruments and Methods in Physics Research Section A: Accelerators, Spectrometers, Detectors and Associated Equipment},
  year     = {2003},
  volume   = {506},
  number   = {3},
  pages    = {250 - 303},
  issn     = {0168-9002},
  doi      = {https://doi.org/10.1016/S0168-9002(03)01368-8},
  groups   = {GEANT4},
  keywords = {Simulation, Particle interactions, Geometrical modelling, Software engineering, Object-oriented technology, Distributed software development},
  url      = {http://www.sciencedirect.com/science/article/pii/S0168900203013688},
}


% General 

@book{heitler1984quantum,
    title={The quantum theory of radiation},
    author={Heitler, Walter},
    year={1984},
    publisher={Courier Corporation}
}

@book{Gruppen,
  Author = {Claus Grupen and Boris Shwartz},
  Title = {Particle Detectors (Cambridge Monographs on Particle Physics, Nuclear Physics and Cosmology)},
  Publisher = {Cambridge University Press},
  Year = {2008},
  ISBN = {0521840066},
  URL = {https://www.amazon.com/Particle-Detectors-Cambridge-Monographs-Cosmology/dp/0521840066?SubscriptionId=0JYN1NVW651KCA56C102&tag=techkie-20&linkCode=xm2&camp=2025&creative=165953&creativeASIN=0521840066}
}

@article{bespalov2008,
  title={Взаимодействие ионизирующих излучений с веществом},
  author={Беспалов, Валерий Иванович},
  year={2008},
  publisher={Изд-во Томского политехнического ун-та}
}

@book{kolchuzkin1978,
  title={Введение в теорию прохождения частиц через вещество},
  author={Кольчужкин, Анатолий Михайлович and Учайкин, Владимир Васильевич},
  year={1978},
  publisher={Атомиздат}
}

@book{nemec1975,
  title={Справочник по ядерной физике},
  author={Немец, Олег Федорович and Гофман, Юлий Владимирович},
  year={1975},
  publisher={Наукова думка}
}



% Satellite

@book{miroshnichenko2015solar,
  title={Solar Cosmic Rays: Fundamentals and Applications},
  author={Miroshnichenko, Leonty},
  year={2015},
  publisher={Springer}
}

@article{posner2007up,
  title={Up to 1-hour forecasting of radiation hazards from solar energetic ion events with relativistic electrons},
  author={Posner, Arik},
  journal={Space Weather},
  volume={5},
  number={5},
  year={2007},
  publisher={Wiley Online Library}
}
@misc{korovkin2001bernstein,
  title={Bernstein polynomials. Hazewinkel, Michiel, Encyclopedia of Mathematics},
  author={Korovkin, P},
  year={2001},
  publisher={Springer, ISBN}
}

@article{forbush1946three,
  title={Three unusual cosmic-ray increases possibly due to charged particles from the Sun},
  author={Forbush, Scott E},
  journal={Physical Review},
  volume={70},
  number={9-10},
  pages={771},
  year={1946},
  publisher={APS}
}

@book{petrukovich2008,
  title = {Плазменная гелиогеофизика, Т. II},
  publisher = {Физматлит},
  year      = {2008},
  author    = {Петрукович А.А., Дмитриев А.В., Петров В.М.,}
}

@article{lin2011energy,
  title={Energy release and particle acceleration in flares: Summary and future prospects},
  author={Lin, RP},
  journal={Space science reviews},
  volume={159},
  number={1-4},
  pages={421},
  year={2011},
  publisher={Springer}
}

@article{hoff2004interplanetary,
  title={Interplanetary crew doses and dose equivalents: variations among different bone marrow and skin sites},
  author={Hoff, JL and Townsend, LW and Zapp, EN},
  journal={Advances in Space Research},
  volume={34},
  number={6},
  pages={1347--1352},
  year={2004},
  publisher={Elsevier}
}

@article{iucci2005space,
  title={Space weather conditions and spacecraft anomalies in different orbits},
  author={Iucci, N and Levitin, AE and Belov, AV and Eroshenko, EA and Ptitsyna, NG and Villoresi, G and Chizhenkov, GV and Dorman, LI and Gromova, LI and Parisi, M and others},
  journal={Space Weather},
  volume={3},
  number={1},
  pages={1--16},
  year={2005},
  publisher={AGU}
}

@article{hu2009modeling,
  title={Modeling the acute health effects of astronauts from exposure to large solar particle events},
  author={Hu, Shaowen and Kim, Myung-Hee Y and McClellan, Gene E and Cucinotta, Francis A},
  journal={Health physics},
  volume={96},
  number={4},
  pages={465--476},
  year={2009},
  publisher={LWW}
}

@article{zeitlin2013measurements,
  title={Measurements of energetic particle radiation in transit to Mars on the Mars Science Laboratory},
  author={Zeitlin, C and Hassler, DM and Cucinotta, FA and Ehresmann, B and Wimmer-Schweingruber, RF and Brinza, DE and Kang, S and Weigle, G and B{\"o}ttcher, S and B{\"o}hm, E and others},
  journal={science},
  volume={340},
  number={6136},
  pages={1080--1084},
  year={2013},
  publisher={American Association for the Advancement of Science}
}

@article{beck2005tepc,
  title={TEPC reference measurements at aircraft altitudes during a solar storm},
  author={Beck, P and Latocha, M and Rollet, S and Stehno, G},
  journal={Advances in Space Research},
  volume={36},
  number={9},
  pages={1627--1633},
  year={2005},
  publisher={Elsevier}
}

@article{schrijver2015understanding,
  title={Understanding space weather to shield society: A global road map for 2015--2025 commissioned by COSPAR and ILWS},
  author={Schrijver, Carolus J and Kauristie, Kirsti and Aylward, Alan D and Denardini, Clezio M and Gibson, Sarah E and Glover, Alexi and Gopalswamy, Nat and Grande, Manuel and Hapgood, Mike and Heynderickx, Daniel and others},
  journal={Advances in Space Research},
  volume={55},
  number={12},
  pages={2745--2807},
  year={2015},
  publisher={Elsevier}
}

@book{wuest2007calibration,
  title={Calibration of particle instruments in space physics},
  author={W{\"u}est, Martin and Evans, David S and von Steiger, Rudolf},
  year={2007},
  publisher={InternationaI Space Science Institute}
}

@book{galperin1972,
  title={Измерение радиации в космосе},
  author={Гальперин, Юрий Ильич and Горн, Лев Соломонович and Хазанов, Борис Исаакович},
  year={1972},
  publisher={Атомиздат}
}


%scanner
@article{spirin,
   title={Principles of large cargo introscopy},
   author={D. Spirin and Y. Berdnikov and Y. Gavrish},
   journal={Scientific and technical statements of the St. Petersburg State Polytechnic University. Physics and Mathematics},
    number={2 (98)},
    year={2010},
   publisher={
    {\guillemotleft}Peter the Great St.Petersburg Polytechnic University {\guillemotright}
   }
}


%thunderstorm

@article{gurevich1992runaway,
  title={Runaway electron mechanism of air breakdown and preconditioning during a thunderstorm},
  author={Gurevich, AV and Milikh, GM and Roussel-Dupre, R},
  journal={Physics Letters A},
  volume={165},
  number={5-6},
  pages={463--468},
  year={1992},
  publisher={Elsevier}
}

@article{Gurevich2001ufn,
  title={Пробой на убегающих электронах и электрические разряды во время грозы},
  author={Гуревич, Александр Викторович and Зыбин, Кирилл Петрович},
  journal={Успехи физических наук},
  volume={171},
  number={11},
  pages={1177--1199},
  year={2001},
  publisher={Российская академия наук, Отделение физических наук}
} 









